@article{artime2022stochastic,
  title={Stochastic resetting in a networked multiparticle system with correlated transitions},
  author={Artime, Oriol},
  journal={Journal of Physics A: Mathematical and Theoretical},
  volume={55},
  number={48},
  pages={484004},
  year={2022},
  publisher={IOP Publishing}
}


@article{moore2006exact,
  title={Exact solutions for models of evolving networks with addition and deletion of nodes},
  author={Moore, Cristopher and Ghoshal, Gourab and Newman, Mark EJ},
  journal={Physical Review Eâ€”Statistical, Nonlinear, and Soft Matter Physics},
  volume={74},
  number={3},
  pages={036121},
  year={2006},
  publisher={APS}
}


@misc{mygithub,
  author       = {Merlo Federico},
  title        = {GitHub Repository},
  year         = {2025},
  howpublished = {\url{https://github.com/federicomerlo/PoCN_project}}
}