@misc{mygithub,
  author       = {Merlo Federico},
  title        = {GitHub Repository},
  year         = {2025},
  howpublished = {\url{https://github.com/federicomerlo/PoCN_project}}
}